@book{adams1995hitchhiker,
  title={The Hitchhiker's Guide to the Galaxy},
  author={Adams, D.},
  isbn={9781417642595},
  url={http://books.google.com/books?id=W-xMPgAACAAJ},
  year={1995},
  publisher={San Val}
}
@inproceedings{monsanto2013composing,
  title={Composing Software Defined Networks.},
  author={Monsanto, Christopher and Reich, Joshua and Foster, Nate and Rexford, Jennifer and Walker, David and others},
  booktitle={NSDI},
  pages={1--13},
  year={2013}
}
@inproceedings{wang2010research,
  title={Research on Architecture and Definition of Content Security},
  author={Wang, Yinqing and Yuan, Kaiguo and Xu, Tianling},
  booktitle={Communications and Intelligence Information Security (ICCIIS), 2010 International Conference on},
  pages={64--68},
  year={2010},
  organization={IEEE}
}

@article{abley2006operation,
	title={Operation of anycast services},
	author={Abley, Joe and Lindqvist, Kurt Erik},
	year={2006}
}